<?xml version="1.0" encoding="UTF-8"?><collection xmlns="http://www.loc.gov/MARC21/slim"><record><leader>00635nam--2200181-i-4500</leader><controlfield tag="001">000015395</controlfield><controlfield tag="002">20161230</controlfield><controlfield tag="005">20161230201031</controlfield><controlfield tag="008">060222s1000------------r-----000-0-rus-d</controlfield><datafield ind1=" " ind2=" " tag="040"><subfield code="a">IFIN-HH</subfield></datafield><datafield ind1=" " ind2=" " tag="041"><subfield code="a">rus</subfield></datafield><datafield ind1=" " ind2=" " tag="080"><subfield code="a">539.12.162.8(043)</subfield></datafield><datafield ind1="1" ind2=" " tag="100"><subfield code="a">Borrel, Veronique</subfield></datafield><datafield ind1="1" ind2="0" tag="245"><subfield code="a">Etude des collisions peripheriques dans des reactions induites par un faisceau d'40ar de 44 mev/u au ganil. analogies et differences avec la mechanisme de fragmentation observe a haute energie</subfield><subfield code="b">These</subfield><subfield code="c">Veronique borrel</subfield></datafield><datafield ind1=" " ind2=" " tag="260"><subfield code="a">Orsay</subfield><subfield code="b">Universite Paris-sud</subfield><subfield code="c">1984</subfield></datafield><datafield ind1=" " ind2=" " tag="300"><subfield code="a">102 P</subfield></datafield><datafield ind1=" " ind2=" " tag="852"><subfield code="a">72421</subfield><subfield code="c">539.12</subfield></datafield><datafield ind1=" " ind2=" " tag="CAT"><subfield code="a">Sys</subfield><subfield code="c">20120110</subfield><subfield code="h">170747</subfield></datafield></record></collection>